% This file was created with JabRef 2.6.
% Encoding: Cp1252

@techreport{vig1992introduction,
  title={Introduction to quartz frequency standards},
  author={Vig, John R},
  year={1992},
  institution={ARMY LAB COMMAND FORT MONMOUTH NJ ELECTRONICS TECHNOLOGY AND DEVICES LAB}
}

@techreport{SAFLOCK6000,
  title={REFERENCE MANUAL SYSTEM 6000},
  author={{Saflok - A Member of the Kaba Group}},
  year={2011},
  institution={SAFLOK}
}

@article{lombardi2008accuracy,
  title={The accuracy \& stability of quartz watches},
  author={Lombardi, Michael and NATIONAL INSTITUTE OF STANDARDS AND TECHNOLOGY (NIST).},
  journal={Horological Journal},
  volume={150},
  number={2},
  pages={57},
  year={2008},
  publisher={BRITISH HOROLOGICAL INSTITUTE LTD}
}

@unpublished{saflokQuantumPixel,
	AUTHOR  = {Dormakaba},
	TITLE   = {{Fact Sheet for Saflok Quantum Pixel}},
	YEAR = {2018},
	NOTE    = {\url{https://www.dormakaba.com/resource/blob/1095476/5197cc7352de43782d090f58fc1cc150/saflok-quantum-pixel-fact-sheet-a4-m3677-pdf-data.pdf} Accessed on 10/26/2021},
}

@unpublished{saflokMTRFID,
	AUTHOR  = {Dormakaba},
	TITLE   = {{Fact Sheet for Saflok MT RFID}},
	YEAR = {2021},
	NOTE    = {\url{https://www.dormakaba.com/resource/blob/159884/f32f4bca6c33825c88fe508412d72b51/m3574-saflok-mt-fact-sheet-06-03-21-pdf-data.pdf} Accessed on 10/26/2021},
}

@unpublished{saflokQuantumIV,
	AUTHOR  = {Dormakaba},
	TITLE   = {{Fact Sheet for Saflok QuantumIV}},
	YEAR = {2018},
	NOTE    = {\url{https://www.dormakaba.com/resource/blob/636802/eee62287ef88146cdb731418f019f1cc/m3676-quantumiv-a4-07-18-pdf-data.pdf} Accessed on 10/26/2021},
}

@unpublished{saflokRTPlus,
	AUTHOR  = {Dormakaba},
	TITLE   = {{Fact Sheet for Saflok RT Plus}},
	YEAR = {2018},
	NOTE    = {\url{https://www.dormakaba.com/resource/blob/991176/461d2f9177d484bca8f0233418822eb8/saflok-rt-plus-factsheet-0719-en-pdf-data.pdf} Accessed on 10/26/2021},
}

@unpublished{saflok790Series,
	AUTHOR  = {Dormakaba},
	TITLE   = {{Fact Sheet for Ilco 790 Series}},
	YEAR = {2017},
	NOTE    = {\url{https://www.dormakaba.com/resource/blob/159970/387dadc9bbca3f9daef6ae1d74cbc0df/1333760-pdf-data.pdf} Accessed on 10/26/2021},
}

@unpublished{saflok770Series,
	AUTHOR  = {Dormakaba},
	TITLE   = {{Fact Sheet for Ilco 770 Series}},
	YEAR = {2015},
	NOTE    = {\url{https://www.dormakaba.com/resource/blob/157864/9708a289752c3a59777aa2901eba4d7f/1338306-pdf-data.pdf} Accessed on 10/26/2021},
}

@mastersthesis{malony2011analysis,
  author  = {Malony, Robert Joseph},
  title   = {{Analysis of staff scheduling effect on hospitality staffing service efficiency during high-occupancy conditions using discrete event simulation (DES)}},
  school  = {Embry-Riddle Aeronautical University},
  year    = {2011}
}

@inproceedings{kadry2017simulation,
  title={Simulation and analysis of staff scheduling in hospitality management},
  author={Kadry, Seifedine and Bagdasaryan, Aremn and Kadhum, Mohammad},
  booktitle={2017 7th International Conference on Modeling, Simulation, and Applied Optimization (ICMSAO)},
  pages={1--6},
  year={2017},
  organization={IEEE}
}

@article{falbo1999room,
  title={Room cleanliness remains key to garnering repeat business},
  author={Falbo, B},
  journal={Hotel and Motel Management},
  volume={214},
  number={15},
  pages={60--61},
  year={1999}
}

@article{mehrez2000work,
  title={A work measurement application for hotel housekeeping management},
  author={Mehrez, Abraham and Israeli, Aviad A and Hadad, Yosef},
  journal={Tourism Economics},
  volume={6},
  number={4},
  pages={359--370},
  year={2000},
  publisher={SAGE Publications Sage UK: London, England}
}

@article{krause2005physical,
  title={Physical workload, work intensification, and prevalence of pain in low wage workers: results from a participatory research project with hotel room cleaners in Las Vegas},
  author={Krause, Niklas and Scherzer, Teresa and Rugulies, Reiner},
  journal={American journal of industrial medicine},
  volume={48},
  number={5},
  pages={326--337},
  year={2005},
  publisher={Wiley Online Library}
}

@article{sherman2011beyond,
  title={Beyond interaction: customer influence on housekeeping and room service work in hotels},
  author={Sherman, Rachel},
  journal={Work, Employment and Society},
  volume={25},
  number={1},
  pages={19--33},
  year={2011},
  publisher={SAGE Publications Sage UK: London, England}
}
